<?xml version="1.0" encoding="UTF-8"?><collection xmlns="http://www.loc.gov/MARC21/slim"><record><leader>00550nam--2200205-i-4500</leader><controlfield tag="001">000012695</controlfield><controlfield tag="002">20161230</controlfield><controlfield tag="005">20161230201029</controlfield><controlfield tag="008">060222s1000------------r-----000-0-rus-d</controlfield><datafield ind1=" " ind2=" " tag="040"><subfield code="a">IFIN-HH</subfield></datafield><datafield ind1=" " ind2=" " tag="041"><subfield code="a">rus</subfield></datafield><datafield ind1=" " ind2=" " tag="080"><subfield code="a">519.832</subfield></datafield><datafield ind1="1" ind2=" " tag="100"><subfield code="a">Aumann, R.J</subfield></datafield><datafield ind1="1" ind2="0" tag="245"><subfield code="a">Znacenia dlia neatomiceskih igr</subfield><subfield code="c">R.j. aumann, l.s. shapley</subfield></datafield><datafield ind1=" " ind2=" " tag="260"><subfield code="a">Moskva</subfield><subfield code="b">Mir</subfield><subfield code="c">1977</subfield></datafield><datafield ind1=" " ind2=" " tag="300"><subfield code="a">357P</subfield></datafield><datafield ind1=" " ind2=" " tag="500"><subfield code="a">Titlul Original In Limba Engleza: Values Of Non-atomic Games</subfield></datafield><datafield ind1="1" ind2=" " tag="700"><subfield code="a">Shapley, L.S</subfield></datafield><datafield ind1=" " ind2=" " tag="852"><subfield code="a">46241</subfield><subfield code="c">519.4/5</subfield></datafield><datafield ind1=" " ind2=" " tag="CAT"><subfield code="a">Sys</subfield><subfield code="c">20130813</subfield><subfield code="h">164410</subfield></datafield></record></collection>